@article{berners1990worldwideweb,
  title={WorldWideWeb: Proposal for a HyperText project},
  author={Berners-Lee, Tim and Cailliau, Robert},
  journal={Retrieved on February},
  volume={26},
  pages={2008},
  year={1990}
}

@article{berners1991original,
  title={The Original HTTP as defined in 1991},
  author={Berners-Lee, Tim},
  journal={World Wide Web Consortium (W3C)},
  year={1991}
}

@article{garrett2005ajax,
  title={Ajax: A new approach to web applications},
  author={Garrett, Jesse James and others},
  year={2005}
}

@article{pimentel2012communicating,
  title={Communicating and displaying real-time data with WebSocket},
  author={Pimentel, Victoria and Nickerson, Bradford G},
  journal={Internet Computing, IEEE},
  volume={16},
  number={4},
  pages={45--53},
  year={2012},
  publisher={IEEE}
}

@book{grigorik2013high,
  title={High Performance Browser Networking: What every web developer should know about networking and web performance},
  author={Grigorik, Ilya},
  year={2013},
  publisher={" O'Reilly Media, Inc."}
}

@misc{modernizr,
  author={Paul Irish},
  title={HTML5 Cross Browser Polyfills},
  note={Github: \url{https://github.com/Modernizr/Modernizr/wiki/HTML5-Cross-Browser-Polyfills#web-sockets}}
}

@article{hickson2011websocket,
  title={The websocket api},
  author={Hickson, Ian},
  journal={W3C Working Draft WD-websockets-20110929, September},
  year={2011}
}

@article{fette2011websocket,
  title={The websocket protocol},
  author={Fette, Ian and Melnikov, Alexey},
  year={2011}
}

@book{wang2013definitive,
  title={The definitive guide to HTML5 WebSocket},
  author={Wang, Vanessa and Salim, Frank and Moskovits, Peter},
  volume={1},
  year={2013},
  publisher={Springer}
}

@inproceedings{perez2013electric,
  title={Electric vehicles communicating with WebSockets-measurements and estimations},
  author={Perez, Javier and Nurminen, Jukka K},
  booktitle={Innovative Smart Grid Technologies Europe (ISGT EUROPE), 2013 4th IEEE/PES},
  pages={1--5},
  year={2013},
  organization={IEEE}
}

@inproceedings{doukas2015providing,
  title={Providing generic support for IoT and M2M for mobile devices},
  author={Doukas, Charalampos and Capra, Luca and Antonelli, Fabio and Jaupaj, Erinda and Tamilin, Andrei and Carreras, Iacopo},
  booktitle={Computing \& Communication Technologies-Research, Innovation, and Vision for the Future (RIVF), 2015 IEEE RIVF International Conference on},
  pages={192--197},
  year={2015},
  organization={IEEE}
}

@article{hickson2009server,
  title={Server-sent events},
  author={Hickson, Ian},
  journal={W3C Working Draft WD-eventsource-20091222, latest version available at< http://www. w3. org/TR/eventsource},
  year={2009}
}

@article{bergkvist2012webrtc,
  title={Webrtc 1.0: Real-time communication between browsers},
  author={Bergkvist, Adam and Burnett, Daniel C and Jennings, Cullen and Narayanan, Anant},
  journal={Working draft, W3C},
  volume={91},
  year={2012}
}

@article{alvestrand2014overview,
  title={Overview: real time protocols for browser-based applications},
  author={Alvestrand, Harald T},
  year={2014}
}

@article{johnston2013taking,
  title={Taking on WebRTC in an Enterprise},
  author={Johnston, Alan and Yoakum, John and Singh, Kundan},
  journal={Communications Magazine, IEEE},
  volume={51},
  number={4},
  pages={48--54},
  year={2013},
  publisher={IEEE}
}

@article{belshe2014hypertext,
  title={Hypertext transfer protocol version 2},
  author={Belshe, Mike and Thomson, Martin and Peon, Roberto},
  year={2014}
}

@article{hirano2014websocketoverhttp2,
  title={WebSocket over HTTP/2},
  author={Hirano, Yutaka},
  year={2014}
}

@book{raymond2003art,
  title={The art of Unix programming},
  author={Raymond, Eric S},
  year={2003},
  publisher={Addison-Wesley Professional}
}

@book{newman2015building,
  title={Building Microservices},
  author={Newman, Sam},
  year={2015},
  publisher={" O'Reilly Media, Inc."}
}

@article{deutsch2004eight,
  title={The eight fallacies of distributed computing},
  author={Deutsch, Peter},
  journal={URL: http://today. java. net/jag/Fallacies. html},
  year={2004}
}

@article{thones2015microservices,
  title={Microservices},
  author={Thones, Johannes},
  journal={Software, IEEE},
  volume={32},
  number={1},
  pages={116--116},
  year={2015},
  publisher={IEEE}
}

@misc{microservicesNetflix,
	title={Adopting Microservices at Netflix: Lessons for Architectural Design},
	author={Tony Mauro},
	month={February 19},
	year={2015},
	publisher={NGINX, Inc.},
	howpublished={webpage},
	note={\url{http://nginx.com/blog/microservices-at-netflix-architectural-best-practices/}. Accessed: \today}		
}

@misc{hintjens2010zeromq,
  title={ZeroMQ: The Guide},
  author={Hintjens, Pieter},
  year={2010}
}

@misc{linuxContainers,
	title={Infrastructure for container projects},
	publisher={LinuxContainers.org},
	howpublished={webpage},
	note={\url{https://linuxcontainers.org/}. Accessed: \today}
}

@misc{nodeCluster,
	title={Cluster},
	publisher={Node.js Foundation},
	howpublished={webpage},
	note={\url{https://nodejs.org/api/cluster.html}, Accessed: \today}
}

@misc{judd2008node,
  title={Node. js the Right Way: Practical, Server-Side JavaScript That Scales},
  author={JUDD, CM and NUSAIRAT, JF and SHINGLER, J},
  year={2008},
  publisher={Springer}
}


%@Misc{howfindinfo,
%  author =	 {{Aalto University Library}},
%  howpublished = {webpage},
%  month =	 {March 2},
%  year =	 2011,
%  note =	 {How to find - brief guide to finding
%                  publications and information. Accessed 4.3.2011},
%  annote =	 {Introduction where in the library systems different
%                  kind of publications are stored}
%}

%@misc{EC96,
%  author =	 {{European Commission}},
%  title =	 {Strategic Developments for the European Publishing
%                  Industry towards the Year 2000 - Europe's Multimedia
%                  Challenge},
%  year =	 1996
%}
%
%
%@misc{ipdcforum_def,
%  title =	 {About {IP} Datacasting - Overview},
%  author =	 {{IPDC} Forum},
%  year =     {2004},
%  note =	 {{WWW} page of the IPDC Forum:
%                  \url{http://www.bmcoforum.org/index.php?id=6}. Accessed
%                   18 Feb 2004.}
%}
%
%@misc{RFC3550,
%  author =	 {H. Schulzrinne and S. Casner and R. Frederic and
%                  V. Jacobson},
%  title =	 {{RFC} 3550: {RTP}: A Transport Protocol for Real-Time
%                  Applications},
%  insitution =	 {{IETF}},
%  year =	 2003,
%  month =	 {Jul},
%  note =	 {Status: DRAFT STANDARD}
%}
%
%@techreport{IDReqNom03,
%  author =	 {Y. Nomura and R. Walsh and J. Ott and
%                  H. Schulzrinne},
%  title =	 {Protocol Requirements for Internet Media Guides},
%  institution =	 {{IETF}},
%  year =	 {2003},
%  type =	 {Internet Draft},
%  month =	 {Dec},
%  note =	 {Work in progress. Expires June, 2004},
%  description =	 {Now (Oct 2003) it seems as if the Electronic Service
%                  Guide ESG used in IP Datacasting will be based on
%                  IMG},
%  abstract =	 {This memo specifies requirements for a protocol for
%                  accessing and updating Internet Media Guide (IMG)
%                  information for media-on-demand and multicast
%                  applications. These requirements are designed to
%                  guide development of an IMG protocol for efficient
%                  and scalable delivery.},
%  url =           {http://www.ietf.org/internet-drafts/draft-ietf-mmusic-img-req-02.txt}
%}
%
%@techreport{FerryProblem,
%  author =	 {Mika Göös and Tuukka Haapasalo and Leo Moisio},
%  title =	 {Finding Hard Instances of the Ferry Problem},
%  institution =	{Aalto {SCI}},
%  year =	 {2010},
%  type =	 {Course Report for the course {T-79.5203/S-72.2420} {G}raph Theory}
%}
%
%@phdthesis{HaapasaloThesis,
%  author    = {Tuukka Haapasalo},
%  title     = {Accessing Multiversion Data in Database Transactions},
%  year      = {2010},
%  school    = {Department of Computer Science and Engineering, Aalto University School of Science and Technology, Espoo, Finland},
%  note      = {\url{http://lib.tkk.fi/Diss/2010/isbn9789526033600/}}
%}
%
%@misc{ThesisInstructions,
%  author =   {{Aalto-yliopisto, Degree programme of Computer Science and Engineering}},
%  title =    {Instruction pages: Diplomityö},
%  year =     {2010},
%  note =     {\url{http://information.tkk.fi/fi/opinnot/tietotekniikka/diplomityo/} (in Finnish),
%              \url{http://information.tkk.fi/en/studies/cse/thesis/} (in English). Accessed 9.2.2011}
%}
%
%@misc{ThesisGrading,
%  author =	 {{Aalto University, Helsinki University of Technology, Committee on Academic Affairs}},
%  title =	 {Guidelines for Master's Thesis Evaluation},
%  month =	 {December 4},
%  year =	 2008,
%  note =          {\url{http://www.tkk.fi/fi/opinnot/opintohallinto/paatokset/guidelinemastersthesisevaluation.pdf}
%                  (in English), \url{http://www.tkk.fi/fi/opinnot/opintohallinto/paatokset/diplomityoarviointiohje.pdf}
%                  (in Finnish).}
%}
%
%@misc{TeXLive,
%  author =   {{TeX Users Group}},
%  title =    {{TeX Live}},
%  year =     {2010},
%  note =     {\url{http://www.tug.org/texlive/}. Accessed 25.2.2011.}
%}
%
%@misc{MiKTeX,
%  author =   {{Christian Schenk}},
%  title =    {{MiKTeX}},
%  year =     {2010},
%  note =     {\url{http://miktex.org/}. Accessed 25.2.2011.}
%}
%
%
%@misc{TeXlipse,
%  author =   {Taavi Hupponen and Kimmo Karlsson and Jani Laitinen and Oskar Ojala and Antti Pirinen and Esa Seuranen and Laura Takkinen and von Loesch, Boris and Vestbø, Tor Arne},
%  title =    {{TeXlipse plugin for {E}clipse}},
%  year =     {2010},
%  note =     {\url{http://texlipse.sourceforge.net/}. Accessed 25.2.2011.}
%}
%
%@misc{Eclipse,
%  author =   {{The Eclipse Foundation}},
%  title =    {{Eclipse}},
%  year =     {2011},
%  note =     {\url{http://eclipse.org/}. Accessed 25.2.2011.}
%}
%
%
%
%@Misc{bibinstructions,
%  author =	 {{Aalto University Library}},
%  title =	 {Making a bibliography},
%  howpublished = {webpage},
%  month =	 {March 2},
%  year =	 2011,
%  note =     {\url{http://otalib.aalto.fi/en/instructions/guides/citations/bibliography/}. Accessed
%                  4.2.2011},
%  annote =	 {Introduction how to make bibliography either with
%                  Harvard or Vancouver style}
%}
%
%@Misc{howfindinfo,
%  author =	 {{Aalto University Library}},
%  howpublished = {webpage},
%  month =	 {March 2},
%  year =	 2011,
%  note =	 {How to find - brief guide to finding
%                  publications and information. Accessed 4.3.2011},
%  annote =	 {Introduction where in the library systems different
%                  kind of publications are stored}
%}
%
%% Multiversion B-tree (MVBT)
%@article{becker:1996:mvbt,
%  author    = {B. Becker and S. Gschwind and T. Ohler and Bernhard Seeger and Peter Widmayer},
%  title     = {{An asymptotically optimal multiversion B-tree}},
%  journal   = {The VLDB Journal},
%  volume    = 5,
%  number    = 4,
%  year      = 1996,
%  pages     = {264--275}
%}
%
%% Transactional multiversion B-tree
%@inproceedings{haapasalo:2009:tmvbt,
%  author    = {Tuukka Haapasalo and Ibrahim Jaluta and Bernhard Seeger and Seppo Sippu and Eljas Soisalon-Soininen},
%  title     = {Transactions on the multiversion {B$^+$}-tree},
%  year      = {2009},
%  booktitle = {Proceedings of the 12th Conference in Extending Database Technology},
%  pages     = {1064--1075}
%}
